<record><leader>00000cas a22000007a 4500</leader><controlfield tag="001">16320398</controlfield><controlfield tag="008">870730d18871895njudn ne      0    0eng d</controlfield><datafield ind1=" " ind2=" " tag="010"><subfield code="a">sn 87068152 </subfield></datafield><datafield ind1=" " ind2=" " tag="040"><subfield code="a">NJW</subfield><subfield code="b">eng</subfield><subfield code="c">NJW</subfield><subfield code="d">OCLCQ</subfield></datafield><datafield ind1=" " ind2=" " tag="042"><subfield code="a">msc</subfield></datafield><datafield ind1="0" ind2=" " tag="130"><subfield code="a">Newark journal (1887)</subfield></datafield><datafield ind1="1" ind2="0" tag="245"><subfield code="a">Newark journal.</subfield></datafield><datafield ind1=" " ind2=" " tag="260"><subfield code="a">Newark, N.J. :</subfield><subfield code="b">Edward N. Fuller</subfield></datafield><datafield ind1=" " ind2=" " tag="310"><subfield code="a">Weekly</subfield></datafield><datafield ind1="1" ind2=" " tag="362"><subfield code="a">Began with Sept. 1, 1887 issue; ceased in Jan. 1895?</subfield></datafield><datafield ind1=" " ind2=" " tag="500"><subfield code="a">The word "Newark" occasionally appears as part of the masthead ornament, &lt;1891-1893&gt;.</subfield></datafield><datafield ind1=" " ind2=" " tag="588"><subfield code="a">Description based on: June 24, 1891.</subfield></datafield><datafield ind1=" " ind2=" " tag="752"><subfield code="a">United States</subfield><subfield code="b">New Jersey</subfield><subfield code="c">Essex</subfield><subfield code="d">Newark.</subfield></datafield><datafield ind1="0" ind2="0" tag="780"><subfield code="t">Newark daily journal</subfield><subfield code="w">(DLC)sn 84026185</subfield><subfield code="w">(OCoLC)10319612</subfield></datafield></record>